%% This BibTeX bibliography file was created using BibDesk.
%% https://bibdesk.sourceforge.io/

%% Created for Madeline Meyers at 2019-06-16 15:19:48 -0500 


%% Saved with string encoding Unicode (UTF-8) 



@article{donovan1999,
	Author = {Donovan, J. J. and Radosevich, D. J.},
	Date-Added = {2019-06-16 15:18:47 -0500},
	Date-Modified = {2019-06-16 15:19:48 -0500},
	Journal = {Journal of Applied Psychology},
	Number = {5},
	Pages = {795 ** },
	Title = {A meta-analytic review of the distribution of practice effect: Now you see it, now you don't},
	Volume = {84},
	Year = {1999}}

@article{feldman2006,
	Author = {Feldman, J.},
	Date-Added = {2019-06-16 15:17:12 -0500},
	Date-Modified = {2019-06-16 15:17:46 -0500},
	Journal = {Journal of mathematical psychology},
	Number = {4},
	Pages = {339-368},
	Title = {An algebra of human concept learning},
	Volume = {50},
	Year = {2006}}

@article{phillips1974,
	Author = {Phillips, W. A.},
	Date-Added = {2019-06-16 15:15:47 -0500},
	Date-Modified = {2019-06-16 15:16:33 -0500},
	Journal = {Perception & Psychophysics},
	Number = {2},
	Pages = {283-290},
	Title = {On the distinction between sensory storage and short-term visual memory},
	Volume = {16},
	Year = {1974}}

@article{yurovsky2012,
	Author = {Yurovsky, Daniel and Yu, Chen and Smith, Linda B.},
	Date-Added = {2019-06-16 15:13:48 -0500},
	Date-Modified = {2019-06-16 15:15:01 -0500},
	Journal = {Frontiers in psychology},
	Pages = {374*****},
	Title = {Statistical speech segmentation and word learning in parallel: scaffolding from child-directed speech},
	Volume = {3},
	Year = {2012}}

@article{micklos2018,
	Author = {Micklos, A. and Macuch Silva, V. and Fay, N.},
	Date-Added = {2019-06-16 15:11:59 -0500},
	Date-Modified = {2019-06-16 15:13:01 -0500},
	Journal = {PsychXArv*****},
	Number = {***},
	Pages = {***},
	Title = {The prevalence of repair in studies of language evolution},
	Volume = {****},
	Year = {2018}}

@article{kalish2007,
	Author = {Kalish, M. L. and Griffiths, Thomas L. and Lewandowsky, S.},
	Date-Added = {2019-06-16 15:09:46 -0500},
	Date-Modified = {2019-06-16 15:10:51 -0500},
	Journal = {Psychonomic Bulletin & Review},
	Number = {2},
	Pages = {288-294},
	Title = {Iterated learning: Intergenerational knowledge transmission reveals inductive biases},
	Volume = {14},
	Year = {2007}}

@article{lustigman2019,
	Author = {Lustigman, L. and Clark, Eve V.},
	Date-Added = {2019-06-16 15:06:24 -0500},
	Date-Modified = {2019-06-16 15:08:00 -0500},
	Journal = {Journal of child language},
	Number = {2},
	Pages = {241-264},
	Title = {Exposure and feedback in language acquisition: adult construals of children's early verb-form use in Hebrew},
	Volume = {46},
	Year = {2019}}

@article{regier2015,
	Author = {Regier, Terry and Kemp, Charles and Kay, Paul},
	Date-Added = {2019-01-28 08:01:18 -0600},
	Date-Modified = {2019-05-28 15:44:50 -0500},
	Journal = {The handbook of language emergence},
	Pages = {237},
	Publisher = {John Wiley \& Sons},
	Title = {11 Word Meanings across Languages Support Efficient Communication},
	Volume = {87},
	Year = {2015}}

@inbook{bowerman1982,
	Author = {Bowerman, Melissa},
	Chapter = {Starting to talk worse: Clues to language acquisition from children's late speech errors.},
	Date-Added = {2019-01-26 18:06:23 -0600},
	Date-Modified = {2019-05-28 15:44:50 -0500},
	Pages = {101-145},
	Publisher = {Academic Press},
	Title = {U shaped behavioral growth},
	Year = {1982},
	Bdsk-File-1 = {YnBsaXN0MDDSAQIDBFxyZWxhdGl2ZVBhdGhZYWxpYXNEYXRhXxAmLi4vLi4vLi4vLi4vYm93ZXJtYW5fMTk4Ml9zdGFydGluZy5wZGZPEQGKAAAAAAGKAAIAAAxNYWNpbnRvc2ggSEQAAAAAAAAAAAAAAAAAAAAAAAAAQkQAAf////8aYm93ZXJtYW5fMTk4Ml9zdGFydGluZy5wZGYAAAAAAAAAAAAAAAAAAAAAAAAAAAAAAAAAAAAAAAAAAAAAAAAA/////wAAAAAAAAAAAAAAAAAEAAEAAAogY3UAAAAAAAAAAAAAAAAACURvY3VtZW50cwAAAgA7LzpVc2VyczptYWRlbGluZW1leWVyczpEb2N1bWVudHM6Ym93ZXJtYW5fMTk4Ml9zdGFydGluZy5wZGYAAA4ANgAaAGIAbwB3AGUAcgBtAGEAbgBfADEAOQA4ADIAXwBzAHQAYQByAHQAaQBuAGcALgBwAGQAZgAPABoADABNAGEAYwBpAG4AdABvAHMAaAAgAEgARAASADlVc2Vycy9tYWRlbGluZW1leWVycy9Eb2N1bWVudHMvYm93ZXJtYW5fMTk4Ml9zdGFydGluZy5wZGYAABMAAS8AABUAAgAV//8AAAAIAA0AGgAkAE0AAAAAAAACAQAAAAAAAAAFAAAAAAAAAAAAAAAAAAAB2w==}}

@article{smith2010,
	Author = {Smith, Kenny and Wonnacott, Elizabeth},
	Date-Added = {2019-01-26 18:03:33 -0600},
	Date-Modified = {2019-05-28 15:44:50 -0500},
	Journal = {Cognition},
	Pages = {444-449},
	Title = {Eliminating unpredictable variation through iterated learning},
	Volume = {116},
	Year = {2010},
	Bdsk-File-1 = {YnBsaXN0MDDSAQIDBFxyZWxhdGl2ZVBhdGhZYWxpYXNEYXRhXxAaLi4vLi4vLi4vLi4vc21pdGgtMjAxMC5wZGZPEQFaAAAAAAFaAAIAAAxNYWNpbnRvc2ggSEQAAAAAAAAAAAAAAAAAAAAAAAAAQkQAAf////8Oc21pdGgtMjAxMC5wZGYAAAAAAAAAAAAAAAAAAAAAAAAAAAAAAAAAAAAAAAAAAAAAAAAAAAAAAAAAAAAAAAAA/////wAAAAAAAAAAAAAAAAAEAAEAAAogY3UAAAAAAAAAAAAAAAAACURvY3VtZW50cwAAAgAvLzpVc2VyczptYWRlbGluZW1leWVyczpEb2N1bWVudHM6c21pdGgtMjAxMC5wZGYAAA4AHgAOAHMAbQBpAHQAaAAtADIAMAAxADAALgBwAGQAZgAPABoADABNAGEAYwBpAG4AdABvAHMAaAAgAEgARAASAC1Vc2Vycy9tYWRlbGluZW1leWVycy9Eb2N1bWVudHMvc21pdGgtMjAxMC5wZGYAABMAAS8AABUAAgAV//8AAAAIAA0AGgAkAEEAAAAAAAACAQAAAAAAAAAFAAAAAAAAAAAAAAAAAAABnw==}}

@article{raviv2018,
	Author = {Raviv, Limor and Arnon, Inbal},
	Date-Added = {2019-01-26 18:02:14 -0600},
	Date-Modified = {2019-05-28 15:44:50 -0500},
	Journal = {Cognition},
	Pages = {160-173},
	Title = {Systematicity, but not compositionality: Examining the emergence of linguistic structure in children and adults using iterated learning},
	Volume = {181},
	Year = {2018},
	Bdsk-File-1 = {YnBsaXN0MDDSAQIDBFxyZWxhdGl2ZVBhdGhZYWxpYXNEYXRhXxAaLi4vLi4vLi4vLi4vcmF2aXYtMjAxOC5wZGZPEQFaAAAAAAFaAAIAAAxNYWNpbnRvc2ggSEQAAAAAAAAAAAAAAAAAAAAAAAAAQkQAAf////8OcmF2aXYtMjAxOC5wZGYAAAAAAAAAAAAAAAAAAAAAAAAAAAAAAAAAAAAAAAAAAAAAAAAAAAAAAAAAAAAAAAAA/////wAAAAAAAAAAAAAAAAAEAAEAAAogY3UAAAAAAAAAAAAAAAAACURvY3VtZW50cwAAAgAvLzpVc2VyczptYWRlbGluZW1leWVyczpEb2N1bWVudHM6cmF2aXYtMjAxOC5wZGYAAA4AHgAOAHIAYQB2AGkAdgAtADIAMAAxADgALgBwAGQAZgAPABoADABNAGEAYwBpAG4AdABvAHMAaAAgAEgARAASAC1Vc2Vycy9tYWRlbGluZW1leWVycy9Eb2N1bWVudHMvcmF2aXYtMjAxOC5wZGYAABMAAS8AABUAAgAV//8AAAAIAA0AGgAkAEEAAAAAAAACAQAAAAAAAAAFAAAAAAAAAAAAAAAAAAABnw==}}

@article{romberg2010,
	Author = {Romberg, Alexa R. and Saffran, Jenny},
	Date-Added = {2019-01-26 18:00:45 -0600},
	Date-Modified = {2019-05-28 15:44:50 -0500},
	Journal = {WIREs Cognitive Science},
	Month = {November/December},
	Pages = {906-914},
	Title = {Statistical learning and language acquisition},
	Volume = {1},
	Year = {2010},
	Bdsk-File-1 = {YnBsaXN0MDDSAQIDBFxyZWxhdGl2ZVBhdGhZYWxpYXNEYXRhXxBmLi4vLi4vLi4vLi4vLi4vRG93bmxvYWRzL1JvbWJlcmdfZXRfYWwtMjAxMC1XaWxleV9JbnRlcmRpc2NpcGxpbmFyeV9SZXZpZXdzX19Db2duaXRpdmVfU2NpZW5jZSAoMSkucGRmTxECVAAAAAACVAACAAAMTWFjaW50b3NoIEhEAAAAAAAAAAAAAAAAAAAAAAAAAEJEAAH/////H1JvbWJlcmdfZXRfYWwtMjAxMCNGRkZGRkZGRi5wZGYAAAAAAAAAAAAAAAAAAAAAAAAAAAAAAAAAAAAAAAAAAP////8AAAAAAAAAAAAAAAAABQACAAAKIGN1AAAAAAAAAAAAAAAAAAlEb3dubG9hZHMAAAIAbi86VXNlcnM6bWFkZWxpbmVtZXllcnM6RG93bmxvYWRzOlJvbWJlcmdfZXRfYWwtMjAxMC1XaWxleV9JbnRlcmRpc2NpcGxpbmFyeV9SZXZpZXdzX19Db2duaXRpdmVfU2NpZW5jZSAoMSkucGRmAA4AnABNAFIAbwBtAGIAZQByAGcAXwBlAHQAXwBhAGwALQAyADAAMQAwAC0AVwBpAGwAZQB5AF8ASQBuAHQAZQByAGQAaQBzAGMAaQBwAGwAaQBuAGEAcgB5AF8AUgBlAHYAaQBlAHcAcwBfAF8AQwBvAGcAbgBpAHQAaQB2AGUAXwBTAGMAaQBlAG4AYwBlACAAKAAxACkALgBwAGQAZgAPABoADABNAGEAYwBpAG4AdABvAHMAaAAgAEgARAASAGxVc2Vycy9tYWRlbGluZW1leWVycy9Eb3dubG9hZHMvUm9tYmVyZ19ldF9hbC0yMDEwLVdpbGV5X0ludGVyZGlzY2lwbGluYXJ5X1Jldmlld3NfX0NvZ25pdGl2ZV9TY2llbmNlICgxKS5wZGYAEwABLwAAFQACABX//wAAAAgADQAaACQAjQAAAAAAAAIBAAAAAAAAAAUAAAAAAAAAAAAAAAAAAALl}}

@article{penner1987,
	Author = {Penner, Sharon G.},
	Date-Added = {2019-01-26 17:59:16 -0600},
	Date-Modified = {2019-05-28 15:44:50 -0500},
	Journal = {Child Development},
	Month = {April},
	Number = {2},
	Pages = {376-384},
	Title = {Parental Responses to Grammatical and Ungrammatical Child Utterances},
	Volume = {58},
	Year = {1987},
	Bdsk-File-1 = {YnBsaXN0MDDSAQIDBFxyZWxhdGl2ZVBhdGhZYWxpYXNEYXRhXxAbLi4vLi4vLi4vLi4vcGVubmVyLTE5ODcucGRmTxEBXAAAAAABXAACAAAMTWFjaW50b3NoIEhEAAAAAAAAAAAAAAAAAAAAAAAAAEJEAAH/////D3Blbm5lci0xOTg3LnBkZgAAAAAAAAAAAAAAAAAAAAAAAAAAAAAAAAAAAAAAAAAAAAAAAAAAAAAAAAAAAAAAAP////8AAAAAAAAAAAAAAAAABAABAAAKIGN1AAAAAAAAAAAAAAAAAAlEb2N1bWVudHMAAAIAMC86VXNlcnM6bWFkZWxpbmVtZXllcnM6RG9jdW1lbnRzOnBlbm5lci0xOTg3LnBkZgAOACAADwBwAGUAbgBuAGUAcgAtADEAOQA4ADcALgBwAGQAZgAPABoADABNAGEAYwBpAG4AdABvAHMAaAAgAEgARAASAC5Vc2Vycy9tYWRlbGluZW1leWVycy9Eb2N1bWVudHMvcGVubmVyLTE5ODcucGRmABMAAS8AABUAAgAV//8AAAAIAA0AGgAkAEIAAAAAAAACAQAAAAAAAAAFAAAAAAAAAAAAAAAAAAABog==}}

@inbook{christiansen2003,
	Author = {Christiansen, Morten H. and Kirby, Simon},
	Chapter = {Language Evolution: The Hardest Problem in Science?},
	Date-Added = {2019-01-26 17:55:30 -0600},
	Date-Modified = {2019-05-28 15:44:50 -0500},
	Editor = {Christiansen, Morten H. and Kirby, Simon},
	Number = {1},
	Pages = {1-15},
	Publisher = {Oxford University Press},
	Title = {Language Evolution},
	Year = {2003},
	Bdsk-File-1 = {YnBsaXN0MDDSAQIDBFxyZWxhdGl2ZVBhdGhZYWxpYXNEYXRhXxBNLi4vLi4vLi4vLi4vQ2hyaXN0aWFuc2VuLUtpcmJ5LUxhbmd1YWdlLUV2b2x1dGlvbi1IYXJkZXN0LVByb2JsZW0tZXhjZXJwdC5wZGZPEQIkAAAAAAIkAAIAAAxNYWNpbnRvc2ggSEQAAAAAAAAAAAAAAAAAAAAAAAAAQkQAAf////8fQ2hyaXN0aWFuc2VuLUtpcmJ5I0ZGRkZGRkZGLnBkZgAAAAAAAAAAAAAAAAAAAAAAAAAAAAAAAAAAAAAAAAAA/////wAAAAAAAAAAAAAAAAAEAAEAAAogY3UAAAAAAAAAAAAAAAAACURvY3VtZW50cwAAAgBiLzpVc2VyczptYWRlbGluZW1leWVyczpEb2N1bWVudHM6Q2hyaXN0aWFuc2VuLUtpcmJ5LUxhbmd1YWdlLUV2b2x1dGlvbi1IYXJkZXN0LVByb2JsZW0tZXhjZXJwdC5wZGYADgCEAEEAQwBoAHIAaQBzAHQAaQBhAG4AcwBlAG4ALQBLAGkAcgBiAHkALQBMAGEAbgBnAHUAYQBnAGUALQBFAHYAbwBsAHUAdABpAG8AbgAtAEgAYQByAGQAZQBzAHQALQBQAHIAbwBiAGwAZQBtAC0AZQB4AGMAZQByAHAAdAAuAHAAZABmAA8AGgAMAE0AYQBjAGkAbgB0AG8AcwBoACAASABEABIAYFVzZXJzL21hZGVsaW5lbWV5ZXJzL0RvY3VtZW50cy9DaHJpc3RpYW5zZW4tS2lyYnktTGFuZ3VhZ2UtRXZvbHV0aW9uLUhhcmRlc3QtUHJvYmxlbS1leGNlcnB0LnBkZgATAAEvAAAVAAIAFf//AAAACAANABoAJAB0AAAAAAAAAgEAAAAAAAAABQAAAAAAAAAAAAAAAAAAApw=}}

@article{kirby2007,
	Author = {Kirby, Simon and Dowman, Mike and Griffiths, Thomas L.},
	Date-Added = {2019-01-26 17:53:54 -0600},
	Date-Modified = {2019-05-28 15:44:50 -0500},
	Journal = {Proceedings of the National Academy of Sciences},
	Number = {12},
	Pages = {5241-5245},
	Title = {Innateness and culture in the evolution of language},
	Volume = {104},
	Year = {2007},
	Bdsk-File-1 = {YnBsaXN0MDDSAQIDBFxyZWxhdGl2ZVBhdGhZYWxpYXNEYXRhXxAaLi4vLi4vLi4vLi4va2lyYnktMjAwNy5wZGZPEQFaAAAAAAFaAAIAAAxNYWNpbnRvc2ggSEQAAAAAAAAAAAAAAAAAAAAAAAAAQkQAAf////8Oa2lyYnktMjAwNy5wZGYAAAAAAAAAAAAAAAAAAAAAAAAAAAAAAAAAAAAAAAAAAAAAAAAAAAAAAAAAAAAAAAAA/////wAAAAAAAAAAAAAAAAAEAAEAAAogY3UAAAAAAAAAAAAAAAAACURvY3VtZW50cwAAAgAvLzpVc2VyczptYWRlbGluZW1leWVyczpEb2N1bWVudHM6a2lyYnktMjAwNy5wZGYAAA4AHgAOAGsAaQByAGIAeQAtADIAMAAwADcALgBwAGQAZgAPABoADABNAGEAYwBpAG4AdABvAHMAaAAgAEgARAASAC1Vc2Vycy9tYWRlbGluZW1leWVycy9Eb2N1bWVudHMva2lyYnktMjAwNy5wZGYAABMAAS8AABUAAgAV//8AAAAIAA0AGgAkAEEAAAAAAAACAQAAAAAAAAAFAAAAAAAAAAAAAAAAAAABnw==}}

@article{ellis2008,
	Author = {Ellis, Nick C.},
	Date-Added = {2019-01-26 17:52:06 -0600},
	Date-Modified = {2019-05-28 15:44:50 -0500},
	Journal = {The Modern Language Journal},
	Number = {ii},
	Pages = {232-249},
	Title = {The Dynamics of Second Language Emergence: Cycles of Language Use, Language Change, and Language Acquisition},
	Volume = {92},
	Year = {2008},
	Bdsk-File-1 = {YnBsaXN0MDDSAQIDBFxyZWxhdGl2ZVBhdGhZYWxpYXNEYXRhXxAaLi4vLi4vLi4vLi4vZWxsaXMtMjAwOC5wZGZPEQFaAAAAAAFaAAIAAAxNYWNpbnRvc2ggSEQAAAAAAAAAAAAAAAAAAAAAAAAAQkQAAf////8OZWxsaXMtMjAwOC5wZGYAAAAAAAAAAAAAAAAAAAAAAAAAAAAAAAAAAAAAAAAAAAAAAAAAAAAAAAAAAAAAAAAA/////wAAAAAAAAAAAAAAAAAEAAEAAAogY3UAAAAAAAAAAAAAAAAACURvY3VtZW50cwAAAgAvLzpVc2VyczptYWRlbGluZW1leWVyczpEb2N1bWVudHM6ZWxsaXMtMjAwOC5wZGYAAA4AHgAOAGUAbABsAGkAcwAtADIAMAAwADgALgBwAGQAZgAPABoADABNAGEAYwBpAG4AdABvAHMAaAAgAEgARAASAC1Vc2Vycy9tYWRlbGluZW1leWVycy9Eb2N1bWVudHMvZWxsaXMtMjAwOC5wZGYAABMAAS8AABUAAgAV//8AAAAIAA0AGgAkAEEAAAAAAAACAQAAAAAAAAAFAAAAAAAAAAAAAAAAAAABnw==}}

@article{structure2014,
	Author = {Emergence of combinatorial structure and economy through iterated learning with continuous acoustic signals},
	Date-Added = {2019-01-26 17:50:12 -0600},
	Date-Modified = {2019-05-28 15:44:50 -0500},
	Journal = {Journal of Phonetics},
	Pages = {57-68},
	Title = {Verhoef, Tessa and Kirby, Simon and de Boer, Bart},
	Volume = {43},
	Year = {2014},
	Bdsk-File-1 = {YnBsaXN0MDDSAQIDBFxyZWxhdGl2ZVBhdGhZYWxpYXNEYXRhXxA4Li4vLi4vLi4vLi4vQkEgVGhlc2lzL0JhY2tncm91bmQgUGFwZXJzL3ZlcmhvZWYtMjAxNC5wZGZPEQGiAAAAAAGiAAIAAAxNYWNpbnRvc2ggSEQAAAAAAAAAAAAAAAAAAAAAAAAAQkQAAf////8QdmVyaG9lZi0yMDE0LnBkZgAAAAAAAAAAAAAAAAAAAAAAAAAAAAAAAAAAAAAAAAAAAAAAAAAAAAAAAAAAAAAA/////wAAAAAAAAAAAAAAAAAEAAMAAAogY3UAAAAAAAAAAAAAAAAAEUJhY2tncm91bmQgUGFwZXJzAAACAE0vOlVzZXJzOm1hZGVsaW5lbWV5ZXJzOkRvY3VtZW50czpCQSBUaGVzaXM6QmFja2dyb3VuZCBQYXBlcnM6dmVyaG9lZi0yMDE0LnBkZgAADgAiABAAdgBlAHIAaABvAGUAZgAtADIAMAAxADQALgBwAGQAZgAPABoADABNAGEAYwBpAG4AdABvAHMAaAAgAEgARAASAEtVc2Vycy9tYWRlbGluZW1leWVycy9Eb2N1bWVudHMvQkEgVGhlc2lzL0JhY2tncm91bmQgUGFwZXJzL3ZlcmhvZWYtMjAxNC5wZGYAABMAAS8AABUAAgAV//8AAAAIAA0AGgAkAF8AAAAAAAACAQAAAAAAAAAFAAAAAAAAAAAAAAAAAAACBQ==}}

@article{brentari2013,
	Author = {Brentari, Diane and Coppola, Marie},
	Date-Added = {2019-01-26 17:15:38 -0600},
	Date-Modified = {2019-05-28 15:44:50 -0500},
	Journal = {WIREs Cognitive Science},
	Number = {201-211},
	Title = {What sign language creation teaches us about language},
	Volume = {4},
	Year = {2013},
	Bdsk-File-1 = {YnBsaXN0MDDSAQIDBFxyZWxhdGl2ZVBhdGhZYWxpYXNEYXRhXxAdLi4vLi4vLi4vLi4vYnJlbnRhcmktMjAxMy5wZGZPEQFkAAAAAAFkAAIAAAxNYWNpbnRvc2ggSEQAAAAAAAAAAAAAAAAAAAAAAAAAQkQAAf////8RYnJlbnRhcmktMjAxMy5wZGYAAAAAAAAAAAAAAAAAAAAAAAAAAAAAAAAAAAAAAAAAAAAAAAAAAAAAAAAAAAAA/////wAAAAAAAAAAAAAAAAAEAAEAAAogY3UAAAAAAAAAAAAAAAAACURvY3VtZW50cwAAAgAyLzpVc2VyczptYWRlbGluZW1leWVyczpEb2N1bWVudHM6YnJlbnRhcmktMjAxMy5wZGYADgAkABEAYgByAGUAbgB0AGEAcgBpAC0AMgAwADEAMwAuAHAAZABmAA8AGgAMAE0AYQBjAGkAbgB0AG8AcwBoACAASABEABIAMFVzZXJzL21hZGVsaW5lbWV5ZXJzL0RvY3VtZW50cy9icmVudGFyaS0yMDEzLnBkZgATAAEvAAAVAAIAFf//AAAACAANABoAJABEAAAAAAAAAgEAAAAAAAAABQAAAAAAAAAAAAAAAAAAAaw=}}

@article{sandler2005,
	Author = {Sandler, W. and Meir, Irit and Padden, Carol and Aronoff, Mark},
	Date-Added = {2019-01-26 17:13:23 -0600},
	Date-Modified = {2019-05-28 15:44:50 -0500},
	Journal = {Proceedings of the National Academy of Sciences},
	Number = {7},
	Pages = {2661-2665},
	Title = {The emergence of grammar: Systematic structure in a new language},
	Volume = {102},
	Year = {2005},
	Bdsk-File-1 = {YnBsaXN0MDDSAQIDBFxyZWxhdGl2ZVBhdGhZYWxpYXNEYXRhXxAcLi4vLi4vLi4vLi4vc2FuZGxlci0yMDA1LnBkZk8RAWIAAAAAAWIAAgAADE1hY2ludG9zaCBIRAAAAAAAAAAAAAAAAAAAAAAAAABCRAAB/////xBzYW5kbGVyLTIwMDUucGRmAAAAAAAAAAAAAAAAAAAAAAAAAAAAAAAAAAAAAAAAAAAAAAAAAAAAAAAAAAAAAAD/////AAAAAAAAAAAAAAAAAAQAAQAACiBjdQAAAAAAAAAAAAAAAAAJRG9jdW1lbnRzAAACADEvOlVzZXJzOm1hZGVsaW5lbWV5ZXJzOkRvY3VtZW50czpzYW5kbGVyLTIwMDUucGRmAAAOACIAEABzAGEAbgBkAGwAZQByAC0AMgAwADAANQAuAHAAZABmAA8AGgAMAE0AYQBjAGkAbgB0AG8AcwBoACAASABEABIAL1VzZXJzL21hZGVsaW5lbWV5ZXJzL0RvY3VtZW50cy9zYW5kbGVyLTIwMDUucGRmAAATAAEvAAAVAAIAFf//AAAACAANABoAJABDAAAAAAAAAgEAAAAAAAAABQAAAAAAAAAAAAAAAAAAAak=}}

@article{bayliss2003,
	Author = {Bayliss, Donna M. and Jarrold, Christopher and Gunn, Deborah M. and Baddeley, Alan D.},
	Date-Added = {2019-01-13 09:45:22 -0600},
	Date-Modified = {2019-05-28 15:44:50 -0500},
	Journal = {Journal of experimental psychology general},
	Number = {1},
	Pages = {71-92},
	Title = {The Complexities of Complex Span: Explaining Individual Differences in Working Memory in Children and Adults},
	Volume = {132},
	Year = {2003},
	Bdsk-File-1 = {YnBsaXN0MDDSAQIDBFxyZWxhdGl2ZVBhdGhZYWxpYXNEYXRhXxAcLi4vLi4vLi4vLi4vYmF5bGlzcy0yMDAzLnBkZk8RAWIAAAAAAWIAAgAADE1hY2ludG9zaCBIRAAAAAAAAAAAAAAAAAAAAAAAAABCRAAB/////xBiYXlsaXNzLTIwMDMucGRmAAAAAAAAAAAAAAAAAAAAAAAAAAAAAAAAAAAAAAAAAAAAAAAAAAAAAAAAAAAAAAD/////AAAAAAAAAAAAAAAAAAQAAQAACiBjdQAAAAAAAAAAAAAAAAAJRG9jdW1lbnRzAAACADEvOlVzZXJzOm1hZGVsaW5lbWV5ZXJzOkRvY3VtZW50czpiYXlsaXNzLTIwMDMucGRmAAAOACIAEABiAGEAeQBsAGkAcwBzAC0AMgAwADAAMwAuAHAAZABmAA8AGgAMAE0AYQBjAGkAbgB0AG8AcwBoACAASABEABIAL1VzZXJzL21hZGVsaW5lbWV5ZXJzL0RvY3VtZW50cy9iYXlsaXNzLTIwMDMucGRmAAATAAEvAAAVAAIAFf//AAAACAANABoAJABDAAAAAAAAAgEAAAAAAAAABQAAAAAAAAAAAAAAAAAAAak=}}

@article{yurovsky2017,
	Author = {Yurovsky, Daniel},
	Date-Added = {2019-01-13 09:29:39 -0600},
	Date-Modified = {2019-05-28 15:44:50 -0500},
	Journal = {New Ideas in Psychology},
	Pages = {1-7},
	Title = {A communicative approach to early word learning},
	Volume = {in press},
	Year = {2017},
	Bdsk-File-1 = {YnBsaXN0MDDSAQIDBFxyZWxhdGl2ZVBhdGhZYWxpYXNEYXRhXxAdLi4vLi4vLi4vLi4veXVyb3Zza3ktMjAxNy5wZGZPEQFkAAAAAAFkAAIAAAxNYWNpbnRvc2ggSEQAAAAAAAAAAAAAAAAAAAAAAAAAQkQAAf////8ReXVyb3Zza3ktMjAxNy5wZGYAAAAAAAAAAAAAAAAAAAAAAAAAAAAAAAAAAAAAAAAAAAAAAAAAAAAAAAAAAAAA/////wAAAAAAAAAAAAAAAAAEAAEAAAogY3UAAAAAAAAAAAAAAAAACURvY3VtZW50cwAAAgAyLzpVc2VyczptYWRlbGluZW1leWVyczpEb2N1bWVudHM6eXVyb3Zza3ktMjAxNy5wZGYADgAkABEAeQB1AHIAbwB2AHMAawB5AC0AMgAwADEANwAuAHAAZABmAA8AGgAMAE0AYQBjAGkAbgB0AG8AcwBoACAASABEABIAMFVzZXJzL21hZGVsaW5lbWV5ZXJzL0RvY3VtZW50cy95dXJvdnNreS0yMDE3LnBkZgATAAEvAAAVAAIAFf//AAAACAANABoAJABEAAAAAAAAAgEAAAAAAAAABQAAAAAAAAAAAAAAAAAAAaw=}}

@article{yurovsky2018,
	Author = {Yurovsky, Daniel and Meyers, Madeline and Burke, Nicole and Goldin-Meadow, Susan},
	Date-Added = {2019-01-13 09:24:20 -0600},
	Date-Modified = {2019-05-28 15:44:50 -0500},
	Journal = {The Proceedings of the 40th Annual Meeting of the Cognitive Science Society},
	Title = {Children gesture when speech is slow to come},
	Year = {2018},
	Bdsk-File-1 = {YnBsaXN0MDDSAQIDBFxyZWxhdGl2ZVBhdGhZYWxpYXNEYXRhXxA1Li4vLi4vLi4vZ2VzdHVyZS9wYXBlcnMvY29nc2NpL2dlc3R1cmVfY29nc2NpMjAxOC5wZGZPEQGuAAAAAAGuAAIAAAxNYWNpbnRvc2ggSEQAAAAAAAAAAAAAAAAAAAAAAAAAQkQAAf////8WZ2VzdHVyZV9jb2dzY2kyMDE4LnBkZgAAAAAAAAAAAAAAAAAAAAAAAAAAAAAAAAAAAAAAAAAAAAAAAAAAAAAA/////wAAAAAAAAAAAAAAAAADAAQAAAogY3UAAAAAAAAAAAAAAAAABmNvZ3NjaQACAFQvOlVzZXJzOm1hZGVsaW5lbWV5ZXJzOkRvY3VtZW50czpHaXRIdWI6Z2VzdHVyZTpwYXBlcnM6Y29nc2NpOmdlc3R1cmVfY29nc2NpMjAxOC5wZGYADgAuABYAZwBlAHMAdAB1AHIAZQBfAGMAbwBnAHMAYwBpADIAMAAxADgALgBwAGQAZgAPABoADABNAGEAYwBpAG4AdABvAHMAaAAgAEgARAASAFJVc2Vycy9tYWRlbGluZW1leWVycy9Eb2N1bWVudHMvR2l0SHViL2dlc3R1cmUvcGFwZXJzL2NvZ3NjaS9nZXN0dXJlX2NvZ3NjaTIwMTgucGRmABMAAS8AABUAAgAV//8AAAAIAA0AGgAkAFwAAAAAAAACAQAAAAAAAAAFAAAAAAAAAAAAAAAAAAACDg==}}

@inbook{clark1998,
	Author = {Clark, Eve},
	Chapter = {19},
	Date-Added = {2019-01-13 09:19:19 -0600},
	Date-Modified = {2019-05-28 15:44:50 -0500},
	Editor = {Spencer, Andrew and Zwicky, Arnold M.},
	Pages = {374-389},
	Publisher = {Blackwell},
	Title = {Morphology in Language Acquisition, The handbook of morphology},
	Volume = {1},
	Year = {1998},
	Bdsk-File-1 = {YnBsaXN0MDDSAQIDBFxyZWxhdGl2ZVBhdGhZYWxpYXNEYXRhXxAaLi4vLi4vLi4vLi4vY2xhcmstMTk5OC5wZGZPEQFaAAAAAAFaAAIAAAxNYWNpbnRvc2ggSEQAAAAAAAAAAAAAAAAAAAAAAAAAQkQAAf////8OY2xhcmstMTk5OC5wZGYAAAAAAAAAAAAAAAAAAAAAAAAAAAAAAAAAAAAAAAAAAAAAAAAAAAAAAAAAAAAAAAAA/////wAAAAAAAAAAAAAAAAAEAAEAAAogY3UAAAAAAAAAAAAAAAAACURvY3VtZW50cwAAAgAvLzpVc2VyczptYWRlbGluZW1leWVyczpEb2N1bWVudHM6Y2xhcmstMTk5OC5wZGYAAA4AHgAOAGMAbABhAHIAawAtADEAOQA5ADgALgBwAGQAZgAPABoADABNAGEAYwBpAG4AdABvAHMAaAAgAEgARAASAC1Vc2Vycy9tYWRlbGluZW1leWVycy9Eb2N1bWVudHMvY2xhcmstMTk5OC5wZGYAABMAAS8AABUAAgAV//8AAAAIAA0AGgAkAEEAAAAAAAACAQAAAAAAAAAFAAAAAAAAAAAAAAAAAAABnw==}}

@article{kirby2015,
	Author = {Kirby, Simon and Tamariz, Monica and Cornish, Hannah and Smith, Kenny},
	Date-Added = {2019-01-13 09:14:00 -0600},
	Date-Modified = {2019-05-28 15:44:50 -0500},
	Journal = {Cognition},
	Pages = {87-102},
	Title = {Compression and communication in the cultural evolution of linguistic structure},
	Volume = {141},
	Year = {2015},
	Bdsk-File-1 = {YnBsaXN0MDDSAQIDBFxyZWxhdGl2ZVBhdGhZYWxpYXNEYXRhXxA5Li4vLi4vLi4vLi4vQkEgVGhlc2lzL0JhY2tncm91bmQgUGFwZXJzL2tpcmJ5ZXRhbDIwMTUucGRmTxEBpAAAAAABpAACAAAMTWFjaW50b3NoIEhEAAAAAAAAAAAAAAAAAAAAAAAAAEJEAAH/////EWtpcmJ5ZXRhbDIwMTUucGRmAAAAAAAAAAAAAAAAAAAAAAAAAAAAAAAAAAAAAAAAAAAAAAAAAAAAAAAAAAAAAP////8AAAAAAAAAAAAAAAAABAADAAAKIGN1AAAAAAAAAAAAAAAAABFCYWNrZ3JvdW5kIFBhcGVycwAAAgBOLzpVc2VyczptYWRlbGluZW1leWVyczpEb2N1bWVudHM6QkEgVGhlc2lzOkJhY2tncm91bmQgUGFwZXJzOmtpcmJ5ZXRhbDIwMTUucGRmAA4AJAARAGsAaQByAGIAeQBlAHQAYQBsADIAMAAxADUALgBwAGQAZgAPABoADABNAGEAYwBpAG4AdABvAHMAaAAgAEgARAASAExVc2Vycy9tYWRlbGluZW1leWVycy9Eb2N1bWVudHMvQkEgVGhlc2lzL0JhY2tncm91bmQgUGFwZXJzL2tpcmJ5ZXRhbDIwMTUucGRmABMAAS8AABUAAgAV//8AAAAIAA0AGgAkAGAAAAAAAAACAQAAAAAAAAAFAAAAAAAAAAAAAAAAAAACCA==}}

@article{silva-corvalan1986,
	Author = {Silva-Corval{\'a}n, Carmen},
	Date-Added = {2019-01-13 09:07:59 -0600},
	Date-Modified = {2019-05-28 15:44:50 -0500},
	Journal = {Language},
	Number = {3},
	Pages = {587-608},
	Title = {Bilingualism and language change: The Extension of Estar in Los Angeles Spanish},
	Volume = {62},
	Year = {1986},
	Bdsk-File-1 = {YnBsaXN0MDDSAQIDBFxyZWxhdGl2ZVBhdGhZYWxpYXNEYXRhXxAjLi4vLi4vLi4vLi4vc2lsdmEtY29ydmFsYW5fMTk4Ni5wZGZPEQF8AAAAAAF8AAIAAAxNYWNpbnRvc2ggSEQAAAAAAAAAAAAAAAAAAAAAAAAAQkQAAf////8Xc2lsdmEtY29ydmFsYW5fMTk4Ni5wZGYAAAAAAAAAAAAAAAAAAAAAAAAAAAAAAAAAAAAAAAAAAAAAAAAAAAAA/////wAAAAAAAAAAAAAAAAAEAAEAAAogY3UAAAAAAAAAAAAAAAAACURvY3VtZW50cwAAAgA4LzpVc2VyczptYWRlbGluZW1leWVyczpEb2N1bWVudHM6c2lsdmEtY29ydmFsYW5fMTk4Ni5wZGYADgAwABcAcwBpAGwAdgBhAC0AYwBvAHIAdgBhAGwAYQBuAF8AMQA5ADgANgAuAHAAZABmAA8AGgAMAE0AYQBjAGkAbgB0AG8AcwBoACAASABEABIANlVzZXJzL21hZGVsaW5lbWV5ZXJzL0RvY3VtZW50cy9zaWx2YS1jb3J2YWxhbl8xOTg2LnBkZgATAAEvAAAVAAIAFf//AAAACAANABoAJABKAAAAAAAAAgEAAAAAAAAABQAAAAAAAAAAAAAAAAAAAco=}}

@article{zenil2015,
	Author = {Zenil, Hector and Soler-Toscano, Fernando and Delahaye, Jean-Paul and Gauvrit, Nicholas},
	Date-Added = {2019-01-06 17:28:46 -0600},
	Date-Modified = {2019-05-28 15:44:50 -0500},
	Journal = {PeerJ Computer Science},
	Title = {Two-dimensional Kolmogorov complexity and an empirical validation of the Coding theorem method by compressibility},
	Volume = {e23},
	Year = {2015},
	Bdsk-File-1 = {YnBsaXN0MDDSAQIDBFxyZWxhdGl2ZVBhdGhZYWxpYXNEYXRhXxAaLi4vLi4vLi4vLi4vemVuaWwtMjAxNS5wZGZPEQFaAAAAAAFaAAIAAAxNYWNpbnRvc2ggSEQAAAAAAAAAAAAAAAAAAAAAAAAAQkQAAf////8OemVuaWwtMjAxNS5wZGYAAAAAAAAAAAAAAAAAAAAAAAAAAAAAAAAAAAAAAAAAAAAAAAAAAAAAAAAAAAAAAAAA/////wAAAAAAAAAAAAAAAAAEAAEAAAogY3UAAAAAAAAAAAAAAAAACURvY3VtZW50cwAAAgAvLzpVc2VyczptYWRlbGluZW1leWVyczpEb2N1bWVudHM6emVuaWwtMjAxNS5wZGYAAA4AHgAOAHoAZQBuAGkAbAAtADIAMAAxADUALgBwAGQAZgAPABoADABNAGEAYwBpAG4AdABvAHMAaAAgAEgARAASAC1Vc2Vycy9tYWRlbGluZW1leWVycy9Eb2N1bWVudHMvemVuaWwtMjAxNS5wZGYAABMAAS8AABUAAgAV//8AAAAIAA0AGgAkAEEAAAAAAAACAQAAAAAAAAAFAAAAAAAAAAAAAAAAAAABnw==}}

@article{buhrmester2011,
	Author = {Buhrmester, Michael and Kwang, Tracy and Gosling, Samuel D.},
	Date-Added = {2019-01-06 12:45:04 -0600},
	Date-Modified = {2019-05-28 15:44:50 -0500},
	Journal = {Perspectives on psychological science},
	Number = {1},
	Pages = {3-5},
	Title = {Amazon's Mechanical Turk: A New Source of Inexpensive, Yet High-Quality, Data?},
	Volume = {6},
	Year = {2011},
	Bdsk-File-1 = {YnBsaXN0MDDSAQIDBFxyZWxhdGl2ZVBhdGhZYWxpYXNEYXRhXxAfLi4vLi4vLi4vLi4vYnVocm1lc3Rlci0yMDExLnBkZk8RAWwAAAAAAWwAAgAADE1hY2ludG9zaCBIRAAAAAAAAAAAAAAAAAAAAAAAAABCRAAB/////xNidWhybWVzdGVyLTIwMTEucGRmAAAAAAAAAAAAAAAAAAAAAAAAAAAAAAAAAAAAAAAAAAAAAAAAAAAAAAAAAAD/////AAAAAAAAAAAAAAAAAAQAAQAACiBjdQAAAAAAAAAAAAAAAAAJRG9jdW1lbnRzAAACADQvOlVzZXJzOm1hZGVsaW5lbWV5ZXJzOkRvY3VtZW50czpidWhybWVzdGVyLTIwMTEucGRmAA4AKAATAGIAdQBoAHIAbQBlAHMAdABlAHIALQAyADAAMQAxAC4AcABkAGYADwAaAAwATQBhAGMAaQBuAHQAbwBzAGgAIABIAEQAEgAyVXNlcnMvbWFkZWxpbmVtZXllcnMvRG9jdW1lbnRzL2J1aHJtZXN0ZXItMjAxMS5wZGYAEwABLwAAFQACABX//wAAAAgADQAaACQARgAAAAAAAAIBAAAAAAAAAAUAAAAAAAAAAAAAAAAAAAG2}}

@article{calidiere2014,
	Author = {Calidi{\`e}re, Nicholas and Smith, Kenny and Kirby, Simon and Fagot, J{\"o}el},
	Date-Added = {2019-01-02 12:30:57 -0500},
	Date-Modified = {2019-05-28 15:44:50 -0500},
	Journal = {Proceedings of the Royal Society B},
	Title = {Cultural evolution of systematically structured behaviour in a non-human primate},
	Volume = {281},
	Year = {2014},
	Bdsk-File-1 = {YnBsaXN0MDDSAQIDBFxyZWxhdGl2ZVBhdGhZYWxpYXNEYXRhXxAeLi4vLi4vLi4vLi4vY2FsaWRpZXJlLTIwMTQucGRmTxEBagAAAAABagACAAAMTWFjaW50b3NoIEhEAAAAAAAAAAAAAAAAAAAAAAAAAEJEAAH/////EmNhbGlkaWVyZS0yMDE0LnBkZgAAAAAAAAAAAAAAAAAAAAAAAAAAAAAAAAAAAAAAAAAAAAAAAAAAAAAAAAAAAP////8AAAAAAAAAAAAAAAAABAABAAAKIGN1AAAAAAAAAAAAAAAAAAlEb2N1bWVudHMAAAIAMy86VXNlcnM6bWFkZWxpbmVtZXllcnM6RG9jdW1lbnRzOmNhbGlkaWVyZS0yMDE0LnBkZgAADgAmABIAYwBhAGwAaQBkAGkAZQByAGUALQAyADAAMQA0AC4AcABkAGYADwAaAAwATQBhAGMAaQBuAHQAbwBzAGgAIABIAEQAEgAxVXNlcnMvbWFkZWxpbmVtZXllcnMvRG9jdW1lbnRzL2NhbGlkaWVyZS0yMDE0LnBkZgAAEwABLwAAFQACABX//wAAAAgADQAaACQARQAAAAAAAAIBAAAAAAAAAAUAAAAAAAAAAAAAAAAAAAGz}}

@article{gauvrit2017,
	Author = {Gauvrit, Nicholas and Soler-Toscano, Fernando and Guida, Alessandro},
	Date-Added = {2019-01-02 12:25:16 -0500},
	Date-Modified = {2019-05-28 15:44:50 -0500},
	Journal = {Acta Psychologica},
	Pages = {48-53},
	Title = {A preference for some types of complexity comment on ``perceived beauty of random texture patterns: A preference for complexity''},
	Volume = {174},
	Year = {2017},
	Bdsk-File-1 = {YnBsaXN0MDDSAQIDBFxyZWxhdGl2ZVBhdGhZYWxpYXNEYXRhXxAuLi4vLi4vLi4vLi4vLi4vRG93bmxvYWRzL2dhdXZyaXQyMDE3YmVhdXR5LnBkZk8RAXQAAAAAAXQAAgAADE1hY2ludG9zaCBIRAAAAAAAAAAAAAAAAAAAAAAAAABCRAAB/////xVnYXV2cml0MjAxN2JlYXV0eS5wZGYAAAAAAAAAAAAAAAAAAAAAAAAAAAAAAAAAAAAAAAAAAAAAAAAAAAAAAAD/////AAAAAAAAAAAAAAAAAAUAAgAACiBjdQAAAAAAAAAAAAAAAAAJRG93bmxvYWRzAAACADYvOlVzZXJzOm1hZGVsaW5lbWV5ZXJzOkRvd25sb2FkczpnYXV2cml0MjAxN2JlYXV0eS5wZGYADgAsABUAZwBhAHUAdgByAGkAdAAyADAAMQA3AGIAZQBhAHUAdAB5AC4AcABkAGYADwAaAAwATQBhAGMAaQBuAHQAbwBzAGgAIABIAEQAEgA0VXNlcnMvbWFkZWxpbmVtZXllcnMvRG93bmxvYWRzL2dhdXZyaXQyMDE3YmVhdXR5LnBkZgATAAEvAAAVAAIAFf//AAAACAANABoAJABVAAAAAAAAAgEAAAAAAAAABQAAAAAAAAAAAAAAAAAAAc0=}}

@article{cornish2013,
	Author = {Cornish, Hannah Smith, Kenny Cornish, Hannah and Smith, Kenny and Kirby, Simon},
	Date-Added = {2019-01-02 12:22:48 -0500},
	Date-Modified = {2019-05-28 15:44:50 -0500},
	Journal = {Proceedings of the 35th Annual Meeting of the Cognitive Science Society},
	Title = {Systems from Sequences: an Iterated Learning Account of the Emergence of Systematic Structure in a Non-Linguistic Task},
	Volume = {35},
	Year = {2013},
	Bdsk-File-1 = {YnBsaXN0MDDSAQIDBFxyZWxhdGl2ZVBhdGhZYWxpYXNEYXRhXxAcLi4vLi4vLi4vLi4vY29ybmlzaC0yMDEzLnBkZk8RAWIAAAAAAWIAAgAADE1hY2ludG9zaCBIRAAAAAAAAAAAAAAAAAAAAAAAAABCRAAB/////xBjb3JuaXNoLTIwMTMucGRmAAAAAAAAAAAAAAAAAAAAAAAAAAAAAAAAAAAAAAAAAAAAAAAAAAAAAAAAAAAAAAD/////AAAAAAAAAAAAAAAAAAQAAQAACiBjdQAAAAAAAAAAAAAAAAAJRG9jdW1lbnRzAAACADEvOlVzZXJzOm1hZGVsaW5lbWV5ZXJzOkRvY3VtZW50czpjb3JuaXNoLTIwMTMucGRmAAAOACIAEABjAG8AcgBuAGkAcwBoAC0AMgAwADEAMwAuAHAAZABmAA8AGgAMAE0AYQBjAGkAbgB0AG8AcwBoACAASABEABIAL1VzZXJzL21hZGVsaW5lbWV5ZXJzL0RvY3VtZW50cy9jb3JuaXNoLTIwMTMucGRmAAATAAEvAAAVAAIAFf//AAAACAANABoAJABDAAAAAAAAAgEAAAAAAAAABQAAAAAAAAAAAAAAAAAAAak=}}

@article{raviv2016,
	Author = {Raviv, Limor and Arnon, Inbal},
	Date-Added = {2019-01-02 12:20:32 -0500},
	Date-Modified = {2019-05-28 15:44:50 -0500},
	Journal = {Proceedings from the 38th Annual Meeting of the Cognitive Science Society},
	Title = {Language evolution in the lab: The case of child learners},
	Year = {2016},
	Bdsk-File-1 = {YnBsaXN0MDDSAQIDBFxyZWxhdGl2ZVBhdGhZYWxpYXNEYXRhXxAaLi4vLi4vLi4vLi4vcmF2aXYtMjAxNi5wZGZPEQFaAAAAAAFaAAIAAAxNYWNpbnRvc2ggSEQAAAAAAAAAAAAAAAAAAAAAAAAAQkQAAf////8OcmF2aXYtMjAxNi5wZGYAAAAAAAAAAAAAAAAAAAAAAAAAAAAAAAAAAAAAAAAAAAAAAAAAAAAAAAAAAAAAAAAA/////wAAAAAAAAAAAAAAAAAEAAEAAAogY3UAAAAAAAAAAAAAAAAACURvY3VtZW50cwAAAgAvLzpVc2VyczptYWRlbGluZW1leWVyczpEb2N1bWVudHM6cmF2aXYtMjAxNi5wZGYAAA4AHgAOAHIAYQB2AGkAdgAtADIAMAAxADYALgBwAGQAZgAPABoADABNAGEAYwBpAG4AdABvAHMAaAAgAEgARAASAC1Vc2Vycy9tYWRlbGluZW1leWVycy9Eb2N1bWVudHMvcmF2aXYtMjAxNi5wZGYAABMAAS8AABUAAgAV//8AAAAIAA0AGgAkAEEAAAAAAAACAQAAAAAAAAAFAAAAAAAAAAAAAAAAAAABnw==}}

@article{vogt2005,
	Author = {Vogt, Paul},
	Date-Added = {2019-01-02 12:18:31 -0500},
	Date-Modified = {2019-05-28 15:44:50 -0500},
	Journal = {Adaptive Behavior},
	Number = {4},
	Pages = {325-246},
	Title = {On the acquisition and evolution of compositional languages: Sparse input and the productive creativity of children},
	Volume = {13},
	Year = {2005},
	Bdsk-File-1 = {YnBsaXN0MDDSAQIDBFxyZWxhdGl2ZVBhdGhZYWxpYXNEYXRhXxA1Li4vLi4vLi4vLi4vQkEgVGhlc2lzL0JhY2tncm91bmQgUGFwZXJzL1ZvZ3QtMjAwNS5wZGZPEQGUAAAAAAGUAAIAAAxNYWNpbnRvc2ggSEQAAAAAAAAAAAAAAAAAAAAAAAAAQkQAAf////8NVm9ndC0yMDA1LnBkZgAAAAAAAAAAAAAAAAAAAAAAAAAAAAAAAAAAAAAAAAAAAAAAAAAAAAAAAAAAAAAAAAAA/////wAAAAAAAAAAAAAAAAAEAAMAAAogY3UAAAAAAAAAAAAAAAAAEUJhY2tncm91bmQgUGFwZXJzAAACAEovOlVzZXJzOm1hZGVsaW5lbWV5ZXJzOkRvY3VtZW50czpCQSBUaGVzaXM6QmFja2dyb3VuZCBQYXBlcnM6Vm9ndC0yMDA1LnBkZgAOABwADQBWAG8AZwB0AC0AMgAwADAANQAuAHAAZABmAA8AGgAMAE0AYQBjAGkAbgB0AG8AcwBoACAASABEABIASFVzZXJzL21hZGVsaW5lbWV5ZXJzL0RvY3VtZW50cy9CQSBUaGVzaXMvQmFja2dyb3VuZCBQYXBlcnMvVm9ndC0yMDA1LnBkZgATAAEvAAAVAAIAFf//AAAACAANABoAJABcAAAAAAAAAgEAAAAAAAAABQAAAAAAAAAAAAAAAAAAAfQ=}}

@article{frank2016,
	Author = {Frank, Michael C. and Sugarman, Elise and Horowitz, Alexandra C. and Lewis, Molly L. and Yurovsky, Daniel},
	Date-Added = {2018-07-02 19:09:06 +0000},
	Date-Modified = {2019-05-28 15:44:50 -0500},
	Journal = {Journal of Cognition and Development},
	Number = {1},
	Pages = {1-17},
	Title = {Using Tablets to Collect Data From Young Children},
	Volume = {17},
	Year = {2016},
	Bdsk-File-1 = {YnBsaXN0MDDSAQIDBFxyZWxhdGl2ZVBhdGhZYWxpYXNEYXRhXxA4Li4vLi4vLi4vLi4vQkEgVGhlc2lzL0JhY2tncm91bmQgUGFwZXJzL2ZyYW5rdGFibGV0cy5wZGZPEQGiAAAAAAGiAAIAAAxNYWNpbnRvc2ggSEQAAAAAAAAAAAAAAAAAAAAAAAAAQkQAAf////8QZnJhbmt0YWJsZXRzLnBkZgAAAAAAAAAAAAAAAAAAAAAAAAAAAAAAAAAAAAAAAAAAAAAAAAAAAAAAAAAAAAAA/////wAAAAAAAAAAAAAAAAAEAAMAAAogY3UAAAAAAAAAAAAAAAAAEUJhY2tncm91bmQgUGFwZXJzAAACAE0vOlVzZXJzOm1hZGVsaW5lbWV5ZXJzOkRvY3VtZW50czpCQSBUaGVzaXM6QmFja2dyb3VuZCBQYXBlcnM6ZnJhbmt0YWJsZXRzLnBkZgAADgAiABAAZgByAGEAbgBrAHQAYQBiAGwAZQB0AHMALgBwAGQAZgAPABoADABNAGEAYwBpAG4AdABvAHMAaAAgAEgARAASAEtVc2Vycy9tYWRlbGluZW1leWVycy9Eb2N1bWVudHMvQkEgVGhlc2lzL0JhY2tncm91bmQgUGFwZXJzL2ZyYW5rdGFibGV0cy5wZGYAABMAAS8AABUAAgAV//8AAAAIAA0AGgAkAF8AAAAAAAACAQAAAAAAAAAFAAAAAAAAAAAAAAAAAAACBQ==}}

@article{zenil2014,
	Author = {Zenil, Hector and Soler-Toscano, Fernando and Dingle, Kamaludin and Louis, Ard A.},
	Date-Added = {2018-07-02 15:37:53 +0000},
	Date-Modified = {2019-05-28 15:44:50 -0500},
	Journal = {Physica A},
	Pages = {341-358},
	Title = {Correlation of automorphism group size and topolical properties with program-size complexity evaluations of graphs and complex networks},
	Volume = {404},
	Year = {2014},
	Bdsk-File-1 = {YnBsaXN0MDDSAQIDBFxyZWxhdGl2ZVBhdGhZYWxpYXNEYXRhXxAxLi4vLi4vLi4vLi4vQkEgVGhlc2lzL0JhY2tncm91bmQgUGFwZXJzL3plbmlsLnBkZk8RAYQAAAAAAYQAAgAADE1hY2ludG9zaCBIRAAAAAAAAAAAAAAAAAAAAAAAAABCRAAB/////wl6ZW5pbC5wZGYAAAAAAAAAAAAAAAAAAAAAAAAAAAAAAAAAAAAAAAAAAAAAAAAAAAAAAAAAAAAAAAAAAAAAAAD/////AAAAAAAAAAAAAAAAAAQAAwAACiBjdQAAAAAAAAAAAAAAAAARQmFja2dyb3VuZCBQYXBlcnMAAAIARi86VXNlcnM6bWFkZWxpbmVtZXllcnM6RG9jdW1lbnRzOkJBIFRoZXNpczpCYWNrZ3JvdW5kIFBhcGVyczp6ZW5pbC5wZGYADgAUAAkAegBlAG4AaQBsAC4AcABkAGYADwAaAAwATQBhAGMAaQBuAHQAbwBzAGgAIABIAEQAEgBEVXNlcnMvbWFkZWxpbmVtZXllcnMvRG9jdW1lbnRzL0JBIFRoZXNpcy9CYWNrZ3JvdW5kIFBhcGVycy96ZW5pbC5wZGYAEwABLwAAFQACABX//wAAAAgADQAaACQAWAAAAAAAAAIBAAAAAAAAAAUAAAAAAAAAAAAAAAAAAAHg}}

@article{lupyan2010,
	Author = {Lupyan, Gary and Dale, Rick},
	Date-Added = {2018-07-02 15:36:07 +0000},
	Date-Modified = {2019-05-28 15:44:50 -0500},
	Journal = {PLoS ONE},
	Month = {January},
	Number = {1},
	Pages = {1-10},
	Title = {Language Structure Is Partly Determined by Social Structure},
	Volume = {5},
	Year = {2010},
	Bdsk-File-1 = {YnBsaXN0MDDSAQIDBFxyZWxhdGl2ZVBhdGhZYWxpYXNEYXRhXxAyLi4vLi4vLi4vLi4vQkEgVGhlc2lzL0JhY2tncm91bmQgUGFwZXJzL2x1cHlhbi5QREZPEQGKAAAAAAGKAAIAAAxNYWNpbnRvc2ggSEQAAAAAAAAAAAAAAAAAAAAAAAAAQkQAAf////8KbHVweWFuLlBERgAAAAAAAAAAAAAAAAAAAAAAAAAAAAAAAAAAAAAAAAAAAAAAAAAAAAAAAAAAAAAAAAAAAAAA/////wAAAAAAAAAAAAAAAAAEAAMAAAogY3UAAAAAAAAAAAAAAAAAEUJhY2tncm91bmQgUGFwZXJzAAACAEcvOlVzZXJzOm1hZGVsaW5lbWV5ZXJzOkRvY3VtZW50czpCQSBUaGVzaXM6QmFja2dyb3VuZCBQYXBlcnM6bHVweWFuLlBERgAADgAWAAoAbAB1AHAAeQBhAG4ALgBQAEQARgAPABoADABNAGEAYwBpAG4AdABvAHMAaAAgAEgARAASAEVVc2Vycy9tYWRlbGluZW1leWVycy9Eb2N1bWVudHMvQkEgVGhlc2lzL0JhY2tncm91bmQgUGFwZXJzL2x1cHlhbi5QREYAABMAAS8AABUAAgAV//8AAAAIAA0AGgAkAFkAAAAAAAACAQAAAAAAAAAFAAAAAAAAAAAAAAAAAAAB5w==}}

@article{hudson-kam2005,
	Author = {Hudson Kam, Carla L. and Newport, Elissa L.},
	Date-Added = {2018-07-02 15:33:14 +0000},
	Date-Modified = {2019-05-28 15:44:50 -0500},
	Journal = {Language Learning and Development},
	Number = {2},
	Pages = {151-195},
	Title = {Regularizing Unpredictable Variation: The Roles of Adult and Child Learners in Languagae Formation and Change},
	Volume = {1},
	Year = {2005},
	Bdsk-File-1 = {YnBsaXN0MDDSAQIDBFxyZWxhdGl2ZVBhdGhZYWxpYXNEYXRhXxA1Li4vLi4vLi4vLi4vQkEgVGhlc2lzL0JhY2tncm91bmQgUGFwZXJzL2h1ZHNvbmthbS5wZGZPEQGUAAAAAAGUAAIAAAxNYWNpbnRvc2ggSEQAAAAAAAAAAAAAAAAAAAAAAAAAQkQAAf////8NaHVkc29ua2FtLnBkZgAAAAAAAAAAAAAAAAAAAAAAAAAAAAAAAAAAAAAAAAAAAAAAAAAAAAAAAAAAAAAAAAAA/////wAAAAAAAAAAAAAAAAAEAAMAAAogY3UAAAAAAAAAAAAAAAAAEUJhY2tncm91bmQgUGFwZXJzAAACAEovOlVzZXJzOm1hZGVsaW5lbWV5ZXJzOkRvY3VtZW50czpCQSBUaGVzaXM6QmFja2dyb3VuZCBQYXBlcnM6aHVkc29ua2FtLnBkZgAOABwADQBoAHUAZABzAG8AbgBrAGEAbQAuAHAAZABmAA8AGgAMAE0AYQBjAGkAbgB0AG8AcwBoACAASABEABIASFVzZXJzL21hZGVsaW5lbWV5ZXJzL0RvY3VtZW50cy9CQSBUaGVzaXMvQmFja2dyb3VuZCBQYXBlcnMvaHVkc29ua2FtLnBkZgATAAEvAAAVAAIAFf//AAAACAANABoAJABcAAAAAAAAAgEAAAAAAAAABQAAAAAAAAAAAAAAAAAAAfQ=}}

@article{henrich2004,
	Author = {Henrich, Joseph},
	Date-Added = {2018-07-02 15:28:13 +0000},
	Date-Modified = {2019-05-28 15:44:50 -0500},
	Journal = {American Antiquity},
	Month = {April},
	Number = {2},
	Pages = {197-214},
	Title = {Demography and Cultural Evolution: How Adaptive Cultural Processes can Produce Maladaptive Losses: The Tasmanian Case},
	Volume = {69},
	Year = {2004},
	Bdsk-File-1 = {YnBsaXN0MDDSAQIDBFxyZWxhdGl2ZVBhdGhZYWxpYXNEYXRhXxA4Li4vLi4vLi4vLi4vQkEgVGhlc2lzL0JhY2tncm91bmQgUGFwZXJzL2hlbnJpY2hfMjAwNC5wZGZPEQGiAAAAAAGiAAIAAAxNYWNpbnRvc2ggSEQAAAAAAAAAAAAAAAAAAAAAAAAAQkQAAf////8QaGVucmljaF8yMDA0LnBkZgAAAAAAAAAAAAAAAAAAAAAAAAAAAAAAAAAAAAAAAAAAAAAAAAAAAAAAAAAAAAAA/////wAAAAAAAAAAAAAAAAAEAAMAAAogY3UAAAAAAAAAAAAAAAAAEUJhY2tncm91bmQgUGFwZXJzAAACAE0vOlVzZXJzOm1hZGVsaW5lbWV5ZXJzOkRvY3VtZW50czpCQSBUaGVzaXM6QmFja2dyb3VuZCBQYXBlcnM6aGVucmljaF8yMDA0LnBkZgAADgAiABAAaABlAG4AcgBpAGMAaABfADIAMAAwADQALgBwAGQAZgAPABoADABNAGEAYwBpAG4AdABvAHMAaAAgAEgARAASAEtVc2Vycy9tYWRlbGluZW1leWVycy9Eb2N1bWVudHMvQkEgVGhlc2lzL0JhY2tncm91bmQgUGFwZXJzL2hlbnJpY2hfMjAwNC5wZGYAABMAAS8AABUAAgAV//8AAAAIAA0AGgAkAF8AAAAAAAACAQAAAAAAAAAFAAAAAAAAAAAAAAAAAAACBQ==}}

@article{kirby2014,
	Author = {Kirby, Simon and Griffiths, Tom and Smith, Kenny},
	Date-Added = {2018-02-25 21:07:40 +0000},
	Date-Modified = {2019-05-28 15:44:50 -0500},
	Journal = {Current Opinion in Neurobiology},
	Pages = {108-114},
	Title = {Iterated learning and the evolution of language},
	Volume = {28},
	Year = {2014},
	Bdsk-File-1 = {YnBsaXN0MDDSAQIDBFxyZWxhdGl2ZVBhdGhZYWxpYXNEYXRhXxA1Li4vLi4vRG93bmxvYWRzL0l0ZXJhdGVkTGVhcm5pbmdFdm9sdXRpb25MYW5ndWFnZS5wZGZPEQHkAAAAAAHkAAIAAAxNYWNpbnRvc2ggSEQAAAAAAAAAAAAAAAAAAADKQKOcSCsAAAAFAnofSXRlcmF0ZWRMZWFybmluZ0V2byMyM0QxMjUxLnBkZgAAAAAAAAAAAAAAAAAAAAAAAAAAAAAAAAAAAAAAAAAAAj0SUda4gXkAAAAAAAAAAAACAAIAAAkgAAAAAAAAAAAAAAAAAAAACURvd25sb2FkcwAAEAAIAADKQOnsAAAAEQAIAADWuNXZAAAAAQAMAAUCegAFAjAAAL7sAAIATk1hY2ludG9zaCBIRDpVc2VyczoAbWFkZWxpbmVtZXllcnM6AERvd25sb2FkczoASXRlcmF0ZWRMZWFybmluZ0V2byMyM0QxMjUxLnBkZgAOAEwAJQBJAHQAZQByAGEAdABlAGQATABlAGEAcgBuAGkAbgBnAEUAdgBvAGwAdQB0AGkAbwBuAEwAYQBuAGcAdQBhAGcAZQAuAHAAZABmAA8AGgAMAE0AYQBjAGkAbgB0AG8AcwBoACAASABEABIARFVzZXJzL21hZGVsaW5lbWV5ZXJzL0Rvd25sb2Fkcy9JdGVyYXRlZExlYXJuaW5nRXZvbHV0aW9uTGFuZ3VhZ2UucGRmABMAAS8AABUAAgAV//8AAAAIAA0AGgAkAFwAAAAAAAACAQAAAAAAAAAFAAAAAAAAAAAAAAAAAAACRA==}}

@article{chouinard2003,
	Author = {Chouinard, Michelle M. and Clark, Eve V.},
	Date-Added = {2018-02-25 20:54:27 +0000},
	Date-Modified = {2019-05-28 15:44:50 -0500},
	Journal = {Journal of child language},
	Number = {3},
	Pages = {637-669},
	Title = {Adult Reformulations of Child Errors as Negative Evidence},
	Volume = {30},
	Year = {2003},
	Bdsk-File-1 = {YnBsaXN0MDDSAQIDBFxyZWxhdGl2ZVBhdGhZYWxpYXNEYXRhXxAeLi4vLi4vLi4vLi4vY2hvdWluYXJkLTIwMDMucGRmTxEBagAAAAABagACAAAMTWFjaW50b3NoIEhEAAAAAAAAAAAAAAAAAAAAAAAAAEJEAAH/////EmNob3VpbmFyZC0yMDAzLnBkZgAAAAAAAAAAAAAAAAAAAAAAAAAAAAAAAAAAAAAAAAAAAAAAAAAAAAAAAAAAAP////8AAAAAAAAAAAAAAAAABAABAAAKIGN1AAAAAAAAAAAAAAAAAAlEb2N1bWVudHMAAAIAMy86VXNlcnM6bWFkZWxpbmVtZXllcnM6RG9jdW1lbnRzOmNob3VpbmFyZC0yMDAzLnBkZgAADgAmABIAYwBoAG8AdQBpAG4AYQByAGQALQAyADAAMAAzAC4AcABkAGYADwAaAAwATQBhAGMAaQBuAHQAbwBzAGgAIABIAEQAEgAxVXNlcnMvbWFkZWxpbmVtZXllcnMvRG9jdW1lbnRzL2Nob3VpbmFyZC0yMDAzLnBkZgAAEwABLwAAFQACABX//wAAAAgADQAaACQARQAAAAAAAAIBAAAAAAAAAAUAAAAAAAAAAAAAAAAAAAGz}}

@inbook{newport1977,
	Author = {Newport, Elissa L. and Gleitman, Henry and Gleitman, Lila R.},
	Chapter = {5},
	Date-Added = {2018-02-24 19:50:58 +0000},
	Date-Modified = {2019-05-28 15:44:50 -0500},
	Editor = {Catherine E. Snow, Charles A. Ferguson},
	Pages = {109-149},
	Publisher = {Cambridge University Press},
	Title = {Mother, I'd rather do it myself: some effects and non-effects of maternal speech style in Talking to Children},
	Year = {1977},
	Bdsk-File-1 = {YnBsaXN0MDDSAQIDBFxyZWxhdGl2ZVBhdGhZYWxpYXNEYXRhXxAgLi4vLi4vRG93bmxvYWRzLzE5NzcgTmV3cG9ydC5wZGZPEQGYAAAAAAGYAAIAAAxNYWNpbnRvc2ggSEQAAAAAAAAAAAAAAAAAAADKQKOcSCsAAAAFAnoQMTk3NyBOZXdwb3J0LnBkZgAAAAAAAAAAAAAAAAAAAAAAAAAAAAAAAAAAAAAAAAAAAAAAAAAAAAAAAAAAAAAAAjqe89aroccAAAAAAAAAAAACAAIAAAkgAAAAAAAAAAAAAAAAAAAACURvd25sb2FkcwAAEAAIAADKQOnsAAAAEQAIAADWq/YnAAAAAQAMAAUCegAFAjAAAL7sAAIAP01hY2ludG9zaCBIRDpVc2VyczoAbWFkZWxpbmVtZXllcnM6AERvd25sb2FkczoAMTk3NyBOZXdwb3J0LnBkZgAADgAiABAAMQA5ADcANwAgAE4AZQB3AHAAbwByAHQALgBwAGQAZgAPABoADABNAGEAYwBpAG4AdABvAHMAaAAgAEgARAASAC9Vc2Vycy9tYWRlbGluZW1leWVycy9Eb3dubG9hZHMvMTk3NyBOZXdwb3J0LnBkZgAAEwABLwAAFQACABX//wAAAAgADQAaACQARwAAAAAAAAIBAAAAAAAAAAUAAAAAAAAAAAAAAAAAAAHj}}

@article{dingemanse2015,
	Author = {Dingemanse, Mark and Blasi, Dami{\'a}n E. and Lupyan, Gary and Christiansen, Morten H. and Monaghan, Padaraic},
	Date-Added = {2018-02-24 19:47:52 +0000},
	Date-Modified = {2019-05-28 15:44:50 -0500},
	Journal = {Trends in Cognitive Sciences},
	Month = {October},
	Number = {10},
	Pages = {603-615},
	Title = {Arbitrariness, Iconicity, and Systematicity in Language},
	Volume = {19},
	Year = {2015},
	Bdsk-File-1 = {YnBsaXN0MDDSAQIDBFxyZWxhdGl2ZVBhdGhZYWxpYXNEYXRhXxBGLi4vLi4vRG93bmxvYWRzL2RpbmdlbWFuc2VfYmxhc2lfY2hyaXN0aWFuc2VuX2x1cHlhbl9tb25hZ2hhbl8yMDE1LnBkZk8RAhgAAAAAAhgAAgAADE1hY2ludG9zaCBIRAAAAAAAAAAAAAAAAAAAAMpAo5xIKwAAAAUCeh9kaW5nZW1hbnNlX2JsYXNpX2NoIzIzQzVBQzUucGRmAAAAAAAAAAAAAAAAAAAAAAAAAAAAAAAAAAAAAAAAAAACPFrF1rcdfQAAAAAAAAAAAAIAAgAACSAAAAAAAAAAAAAAAAAAAAAJRG93bmxvYWRzAAAQAAgAAMpA6ewAAAARAAgAANa3cd0AAAABAAwABQJ6AAUCMAAAvuwAAgBOTWFjaW50b3NoIEhEOlVzZXJzOgBtYWRlbGluZW1leWVyczoARG93bmxvYWRzOgBkaW5nZW1hbnNlX2JsYXNpX2NoIzIzQzVBQzUucGRmAA4AbgA2AGQAaQBuAGcAZQBtAGEAbgBzAGUAXwBiAGwAYQBzAGkAXwBjAGgAcgBpAHMAdABpAGEAbgBzAGUAbgBfAGwAdQBwAHkAYQBuAF8AbQBvAG4AYQBnAGgAYQBuAF8AMgAwADEANQAuAHAAZABmAA8AGgAMAE0AYQBjAGkAbgB0AG8AcwBoACAASABEABIAVVVzZXJzL21hZGVsaW5lbWV5ZXJzL0Rvd25sb2Fkcy9kaW5nZW1hbnNlX2JsYXNpX2NocmlzdGlhbnNlbl9sdXB5YW5fbW9uYWdoYW5fMjAxNS5wZGYAABMAAS8AABUAAgAV//8AAAAIAA0AGgAkAG0AAAAAAAACAQAAAAAAAAAFAAAAAAAAAAAAAAAAAAACiQ==}}

@article{kempe2015,
	Author = {Kempe, Vera and Gauvrit, Nicholas and Forsyth, Douglas},
	Date-Added = {2018-02-24 19:37:20 +0000},
	Date-Modified = {2019-05-28 15:44:50 -0500},
	Journal = {Cognition},
	Pages = {247-254},
	Read = {0},
	Title = {Structure emerges faster during cultural transmission in children than in adults},
	Volume = {136},
	Year = {2015},
	Bdsk-File-1 = {YnBsaXN0MDDSAQIDBFxyZWxhdGl2ZVBhdGhZYWxpYXNEYXRhXxAsLi4vLi4vRG93bmxvYWRzL0NvZ25pdGlvbiAyMDE1IEtlbXBlICgxKS5wZGZPEQHIAAAAAAHIAAIAAAxNYWNpbnRvc2ggSEQAAAAAAAAAAAAAAAAAAADKQKOcSCsAAAAFAnocQ29nbml0aW9uIDIwMTUgS2VtcGUgKDEpLnBkZgAAAAAAAAAAAAAAAAAAAAAAAAAAAAAAAAAAAAAAAAAAAAAAAgRAs9V2hIsAAAAAAAAAAAACAAIAAAkgAAAAAAAAAAAAAAAAAAAACURvd25sb2FkcwAAEAAIAADKQOnsAAAAEQAIAADVdsrbAAAAAQAMAAUCegAFAjAAAL7sAAIAS01hY2ludG9zaCBIRDpVc2VyczoAbWFkZWxpbmVtZXllcnM6AERvd25sb2FkczoAQ29nbml0aW9uIDIwMTUgS2VtcGUgKDEpLnBkZgAADgA6ABwAQwBvAGcAbgBpAHQAaQBvAG4AIAAyADAAMQA1ACAASwBlAG0AcABlACAAKAAxACkALgBwAGQAZgAPABoADABNAGEAYwBpAG4AdABvAHMAaAAgAEgARAASADtVc2Vycy9tYWRlbGluZW1leWVycy9Eb3dubG9hZHMvQ29nbml0aW9uIDIwMTUgS2VtcGUgKDEpLnBkZgAAEwABLwAAFQACABX//wAAAAgADQAaACQAUwAAAAAAAAIBAAAAAAAAAAUAAAAAAAAAAAAAAAAAAAIf}}

@article{senghas2003,
	Author = {Senghas, Ann},
	Date-Added = {2018-02-24 19:34:21 +0000},
	Date-Modified = {2019-05-28 15:44:50 -0500},
	Journal = {Cognitive Development},
	Pages = {511-531},
	Title = {Intergenerational influence and ontogenetic development in the emergence of spatial grammar in Nicaraguan Sign Language},
	Volume = {18},
	Year = {2003},
	Bdsk-File-1 = {YnBsaXN0MDDSAQIDBFxyZWxhdGl2ZVBhdGhZYWxpYXNEYXRhXxApLi4vLi4vRG93bmxvYWRzLzNTZW5naGFzLUNvZ0Rldi1QYXBlci5wZGZPEQG6AAAAAAG6AAIAAAxNYWNpbnRvc2ggSEQAAAAAAAAAAAAAAAAAAADKQKOcSCsAAAAFAnoZM1NlbmdoYXMtQ29nRGV2LVBhcGVyLnBkZgAAAAAAAAAAAAAAAAAAAAAAAAAAAAAAAAAAAAAAAAAAAAAAAAAAAjxVVda3GsgAAAAAAAAAAAACAAIAAAkgAAAAAAAAAAAAAAAAAAAACURvd25sb2FkcwAAEAAIAADKQOnsAAAAEQAIAADWt28oAAAAAQAMAAUCegAFAjAAAL7sAAIASE1hY2ludG9zaCBIRDpVc2VyczoAbWFkZWxpbmVtZXllcnM6AERvd25sb2FkczoAM1NlbmdoYXMtQ29nRGV2LVBhcGVyLnBkZgAOADQAGQAzAFMAZQBuAGcAaABhAHMALQBDAG8AZwBEAGUAdgAtAFAAYQBwAGUAcgAuAHAAZABmAA8AGgAMAE0AYQBjAGkAbgB0AG8AcwBoACAASABEABIAOFVzZXJzL21hZGVsaW5lbWV5ZXJzL0Rvd25sb2Fkcy8zU2VuZ2hhcy1Db2dEZXYtUGFwZXIucGRmABMAAS8AABUAAgAV//8AAAAIAA0AGgAkAFAAAAAAAAACAQAAAAAAAAAFAAAAAAAAAAAAAAAAAAACDg==}}
